<?xml version="1.0" encoding="UTF-8"?><collection xmlns="http://www.loc.gov/MARC21/slim"><record><leader>00453nam--2200145-i-4500</leader><controlfield tag="001">000002361</controlfield><controlfield tag="002">20161230</controlfield><controlfield tag="005">20161230201025</controlfield><controlfield tag="008">060222s1000------------r-----000-0-eng-d</controlfield><datafield ind1=" " ind2=" " tag="080"><subfield code="a">621.382.3</subfield></datafield><datafield ind1=" " ind2=" " tag="245"><subfield code="a">Field-effect transistors. physics, technology and applications</subfield></datafield><datafield ind1=" " ind2=" " tag="260"><subfield code="a">Englewood Cliffs, Prentice_hall Inc., 1966. Xxiii + 376 P</subfield></datafield><datafield ind1=" " ind2=" " tag="490"><subfield code="a">Prentice-hall Electrical Engineering</subfield></datafield><datafield ind1=" " ind2=" " tag="700"><subfield code="a">Wallmark, J. T., Johnson. Harwick</subfield></datafield><datafield ind1=" " ind2=" " tag="852"><subfield code="a">25853</subfield></datafield></record></collection>